@article{nowicki_snijders_2001,
author = {Nowicki, Krzysztof and Snijders, Tom},
year = {2001},
month = {02},
pages = {},
title = {Estimation and Prediction for Stochastic Blockstructures},
volume = {96},
journal = {Journal of the American Statistical Association},
doi = {10.1198/016214501753208735}
}

@article{nowicki_snijders_1997,
author = {Snijders, Tom and Nowicki, Krzysztof},
year = {1997},
month = {01},
pages = {},
title = {Estimation and prediction for stochastic block-structures for graphs with latent block structure},
journal = {Journal of Classification}
}